@article{availability,
author = {Lazaro, D. et al},
title = {Long-term availability prediction for groups of volunteer resource},
year = {2011},
}

@article{edonkey,
author = {Le Blond et al},
title = {Choosing Partners Based on Availability in P2P Networks},
year = {2010},
}

@article{equitable,
author = {Kostreva, Ogryczak, Wierzbicki},
title = {Equitable aggregations and multiple criteria analysis},
year = {2003},
}

@unpublished{farsite,
author = {unknown},
title = {FARSITE: Federated, Available, and Reliable Storage for an Incompletely Trusted Environment},
year = {2002},
}

@article{gfs,
author = {Sanjay Ghemawat and Howard Gobioff and Shun-Tak Leung},
title = {The Google File System},
year = {2003},
}

@book{gossiping,
author = {Jelasity M.},
title = {Gossip-based Peer Sampling},
year = {1900},
}

@article{hetero,
author = {Skowron P. and Rzadca K.},
title = {Exploring heterogeneity of unreliable machines for p2p backup},
year = {1900},
}

@article{kademlia,
author = {Maymounkov P. and Mazisres D.},
journal = {New York University},
title = {Kademlia: A Peer-to-peer Information System based on the XOR metric},
year = {2001},
}

@article{krz,
author = {Rzadca K. and Datta A. and Buchegger S.},
title = {Replica Placement in P2P Storage: Complexity and Game Theoretic Analyses},
year = {1900},
}

@article{napster,
author = {unknown},
title = {Measuring and analyzing the characteristics of Napster and Gnutella hosts},
year = {2003},
}

@inproceedings{peerson,
author = {Sonja Buchegger and Doris Schiberg and Le Hung Vu and Anwitaman Datta},
booktitle = {SocialNets 2009},
title = {PeerSoN: P2P Social Networking - Early Experiences and Insights},
year = {2009},
}

@article{seti,
author = {Javadi, B.},
title = {Discovering Statistical Models of Availability in Large Distributed Systems: An Empirical Study of SETI@home,},
year = {2011},
}

@misc{space_monkey,
  title = {Space Monkey official web page},
  howpublished = {\url{http://www.spacemonkey.com}}
}

@misc{skype,
  title = {Skype official web page},
  howpublished = {\url{http://www.skype.com}}
}

@misc{spotify,
  title = {Spotify official web page},
  howpublished = {\url{http://www.spotify.com}}
}

@article{skype_reverse,
author = {S. A. Baset and H. Schulzrinne},
journal = {Department of Computer Science, Columbia University},
title = {An Analysis of the Skype Peer-to-Peer Internet Telephony Protocol},
year = {2004},
}

@article{storage,
author = {Anderson, D.},
title = {The Computational and Storage Potential of Volunteer Computing},
year = {2006},
}

@article{tman,
author = {Jelasity M. and Babaoglu O.},
title = {T-Man: Gossip-Based Overlay Topology Management},
}

@article{eventually,
author = {Vogels, W.},
journal = {Communications of the ACM 52},
title = {Eventually consistent},
year = {2009},
}

